<?xml version="1.0" encoding="UTF-8"?><collection xmlns="http://www.loc.gov/MARC21/slim"><record><leader>00414nam--2200133-i-4500</leader><controlfield tag="001">000006103</controlfield><controlfield tag="002">20161230</controlfield><controlfield tag="005">20161230201026</controlfield><controlfield tag="008">060222s1000------------r-----000-0-eng-d</controlfield><datafield ind1=" " ind2=" " tag="100"><subfield code="a">Bachmann ,K.H</subfield></datafield><datafield ind1=" " ind2=" " tag="245"><subfield code="a">Programmierung fur digitalrechner.methoden und probleme</subfield></datafield><datafield ind1=" " ind2=" " tag="260"><subfield code="a">Berlin, Veb Deutscher Verlag Der Wiss.,1962. Vi + 162p. + 20 Fig</subfield></datafield><datafield ind1=" " ind2=" " tag="490"><subfield code="a">Mathematik Fur Naturwissenschaft Und Technik</subfield></datafield><datafield ind1=" " ind2=" " tag="852"><subfield code="a">8519</subfield></datafield></record></collection>